@Book{artigues:2007,
author = "Artigues, Christian and Demassey, Sophie and NÃ©ron, Emannuel",
title = "Resource-Constrained Project Scheduling",
year = {2007},
isbn = {190520972X},
publisher = {ISTE},
}

@Misc{psplib,
title = "PSPLIB",
howpublished = "online",
cited = "!2014-4-18",
url = "www.om-db.wi.tum.de/psplib/"
}

@Misc{www:sat,
title = "SAT Competition",
howpublished = "online",
cited = "!2014-5-6",
url = "http://satcompetition.org/"
}

@Misc{www:glucose,
title = "Glucose",
howpublished = "online",
cited = "!2014-5-6",
url = "http://www.labri.fr/perso/lsimon/glucose/"
}

@Misc{www:minisat,
title = "MiniSAT",
howpublished = "online",
cited = "!2014-5-6",
url = "https://github.com/niklasso/minisat"
}



@article{horbach:10,
      author    = {Andrei Horbach},
        title     = {A Boolean satisfiability approach to the resource-constrained
                           project scheduling problem},
          journal   = {Annals OR},
            volume    = {181},
              number    = {1},
                year      = {2010},
                  pages     = {89-107},
}

@article{dpll:1962,
     author = {Davis, Martin and Logemann, George and Loveland, Donald},
      title = {A Machine Program for Theorem-proving},
       journal = {Commun. ACM},
        issue_date = {July 1962},
         volume = {5},
          number = {7},
           month = jul,
            year = {1962},
             issn = {0001-0782},
              pages = {394--397},
               numpages = {4},
                  acmid = {368557},
                   publisher = {ACM},
                    address = {New York, NY, USA},
} 

@artcle{dpll:1960,
     author = {Davis, Martin and Putnam, Hilary},
      title = {A Computing Procedure for Quantification Theory},
       journal = {J. ACM},
        issue_date = {July 1960},
         volume = {7},
          number = {3},
           month = jul,
            year = {1960},
             issn = {0004-5411},
              pages = {201--215},
               numpages = {15},
                  acmid = {321034},
                   publisher = {ACM},
                    address = {New York, NY, USA},
} 

